@article{Song:2017tu,
author = {Song, Chaobing and Cui, Shaobo and Jiang, Yong and Xia, Shu-Tao},
title = {{Accelerated Stochastic Greedy Coordinate Descent by Soft Thresholding Projection onto Simplex}},
journal = {arXiv.org},
year = {2017},
eprint = {1702.07842v2},
eprinttype = {arxiv},
eprintclass = {math.OC},
}

@article{Duchi:2010tk,
author = {Duchi, John C and Shalev-Shwartz, Shai and Singer, Yoram and Tewari, Ambuj},
title = {{Composite Objective Mirror Descent.}},
journal = {COLT},
year = {2010},
}


@article{Lei:2017:CUO,
 author = {Lei, Yunwen and Shi, Lei and Guo, Zheng-Chu},
 title = {Convergence of Unregularized Online Learning Algorithms},
 journal = {Journal of Machine Learning Research},
 volume = {18},
 number = {1},
 month = jan,
 year = {2017},
 pages = {6269--6301},
 publisher = {JMLR.org},
} 



@book{Tarantola:2004:IPT,
 author = {Tarantola, Albert},
 title = {Inverse Problem Theory and Methods for Model Parameter Estimation},
 year = {2004},
 isbn = {0898715725},
 publisher = {Society for Industrial and Applied Mathematics},
 address = {Philadelphia, PA, USA},
} 




@book{Boyd:2004,
 author = {Boyd, Stephen and Vandenberghe, Lieven},
 title = {Convex Optimization},
 year = {2004},
 isbn = {0521833787},
 publisher = {Cambridge University Press},
 address = {New York, NY, USA},
} 

@inproceedings{Mokhtari:2016jz,
author = {Mokhtari, Aryan and Shahrampour, Shahin and Jadbabaie, Ali and Ribeiro, Alejandro},
title = {{Online optimization in dynamic environments: Improved regret rates for strongly convex problems}},
booktitle = {Proceedings of IEEE Conference on Decision and Control (CDC)},
year = {2016},
pages = {7195--7201},
publisher = {IEEE},
}

@article{Hazan2007Adaptive,
  title={Adaptive Algorithms for Online Decision Problems},
  author={Hazan, Elad and Seshadhri, C.},
  journal={Electronic Colloquium on Computational Complexity},
  volume={14},
  year={2007},
}

@article{Hall:2015ct,
author = {Hall, Eric C and Willett, Rebecca M},
title = {{Online Convex Optimization in Dynamic Environments.}},
journal = {IEEE Journal of Selected Topics in Signal Processing},
year = {2015},
volume = {9},
number = {4},
pages = {647--662},
}

@article{ShalevShwartz:2012dz,
author = {Shalev-Shwartz, Shai},
title = {{Online Learning and Online Convex Optimization}},
journal = {Foundations and Trends{\textregistered} in Machine Learning},
year = {2012},
volume = {4},
number = {2},
pages = {107--194},
}


@inproceedings{Zhang:2016wl,
author = {Zhang, Lijun and Yang, Tianbao and Yi, Jinfeng and Jin, Rong and Zhou, Zhi-Hua},
title = {{Improved Dynamic Regret for Non-degenerate Functions}},
booktitle = {Proceedings of Neural Information Processing Systems (NIPS)},
year = {2017},
}

@article{Necoara2018Linear,
  title={Linear convergence of first order methods for non-strongly convex optimization},
  author={Necoara, I. and Nesterov, Yu. and Glineur, F.},
  journal={Mathematical Programming},
  number={3},
  pages={1-39},
  year={2018},
}


@article{Karimi:2016ja,
author = {Karimi, Hamed and Nutini, Julie and Schmidt, Mark},
title = {{Linear Convergence of Gradient and Proximal-Gradient Methods Under the Polyak-{\L}ojasiewicz Condition}},
journal = {Pattern Recognition and Machine Intelligence},
year = {2016},
pages = {795--811},
}

@article{Gong:2014tc,
author = {Gong, Pinghua and Ye, Jieping},
title = {{Linear Convergence of Variance-Reduced Stochastic Gradient without Strong Convexity}},
journal = {arXiv.org},
year = {2014},
eprint = {1406.1102v2},
eprinttype = {arxiv},
eprintclass = {cs.NA},
}

@article{Liu2014Asynchronous,
  title={Asynchronous Stochastic Coordinate Descent: Parallelism and Convergence Properties},
  author={Liu, Ji and Wright, Stephen J.},
  journal={SIAM Journal on Optimization},
  volume={25},
  number={1},
  year={2014},
}

@inproceedings{Lian:2016fx,
author = {Lian, Xiangru},
title = {{Finite-sum Composition Optimization via Variance Reduced Gradient Descent}},
booktitle = {Proceedings of International Conference on Artificial Intelligence and Statistics (AISTATS)},
year = {2016},
pages = {325--332},
}


@article{Garber:2018wf,
author = {Garber, Dan},
title = {{Fast Rates for Online Gradient Descent Without Strong Convexity via Hoffman's Bound}},
journal = {arXiv.org},
year = {2018},
eprint = {1802.04623v1},
eprinttype = {arxiv},
eprintclass = {cs.LG},
}


@article{Zhu:2015tr,
author = {Zhu, Changbo and Xu, Huan},
title = {{Online Gradient Descent in Function Space}},
journal = {arXiv.org},
year = {2015},
eprint = {1512.02394v1},
eprinttype = {arxiv},
eprintclass = {cs.LG},
}

@inproceedings{Flaxman:2005um,
author = {Flaxman, Abraham and Kalai, Adam Tauman and McMahan, H Brendan},
title = {{Online convex optimization in the bandit setting - gradient descent without a gradient.}},
booktitle = {Proceedings of ACM/SIAM Symposium on Discrete Algorithms (SODA)},
year = {2005},
}

@ARTICLE{Bedi:2018te, 
author={A. S. Bedi and P. Sarma and K. Rajawat}, 
journal={IEEE Journal of Selected Topics in Signal Processing}, 
title={Tracking Moving Agents via Inexact Online Gradient Descent Algorithm}, 
year={2018}, 
volume={12}, 
number={1}, 
pages={202-217}, 
month={Feb},
}

@inproceedings{pmlr-v23-jain12,
  title = 	 {Differentially Private Online Learning},
  author = 	 {Prateek Jain and Pravesh Kothari and Abhradeep Thakurta},
  booktitle = 	 {Proceedings of International Conference on Learning Theory (COLT)},
  pages = 	 {1--34},
  year = 	 {2012},
  volume = 	 {23},
}
@inproceedings{Hall:2013vr,
author = {Hall, Eric C and Willett, Rebecca},
title = {{Dynamical Models and tracking regret in online convex programming.}},
booktitle = {Proceedings of International Conference on International Conference on Machine Learning (ICML)},
year = {2013},
}


@InProceedings{Agarwal:2017ux,
  title = 	 {The Price of Differential Privacy for Online Learning},
  author = 	 {Naman Agarwal and Karan Singh},
  booktitle = 	 {Proceedings of International Conference on Machine Learning (ICML)},
  pages = 	 {32--40},
  year = 	 {2017},
}


@inproceedings{Hazan:2015ue,
 author = {Hazan, Elad and Koren, Tomer},
 title = {The Computational Power of Optimization in Online Learning},
 booktitle = {Proceedings of ACM Symposium on Theory of Computing (STOC)},
 year = {2016},
 pages = {128--141},
} 


@inproceedings{Yang:2016ud,
author = {Yang, Tianbao and Zhang, Lijun and Jin, Rong and Yi, Jinfeng},
title = {{Tracking Slowly Moving Clairvoyant - Optimal Dynamic Regret of Online Learning with True and Noisy Gradient.}},
booktitle = {Proceedings of the 34th International Conference on Machine Learning (ICML)},
year = {2016},
}

@InProceedings{Jadbabaie:2015wg,
  title = 	 {{Online Optimization : Competing with Dynamic Comparators}},
  author = 	 {Ali Jadbabaie and Alexander Rakhlin and Shahin Shahrampour and Karthik Sridharan},
  booktitle = 	 {Proceedings of International Conference on Artificial Intelligence and Statistics (AISTATS)},
  pages = 	 {398--406},
  year = 	 {2015},
}


@article{Hall:2015ct,
author = {Hall, Eric C and Willett, Rebecca M},
title = {{Online Convex Optimization in Dynamic Environments.}},
journal = {IEEE Journal of Selected Topics in Signal Processing},
year = {2015},
volume = {9},
number = {4},
pages = {647--662},
}


@article{ShalevShwartz:2012dz,
author = {Shalev-Shwartz, Shai},
title = {{Online Learning and Online Convex Optimization}},
journal = {Foundations and Trends{\textregistered} in Machine Learning},
year = {2012},
volume = {4},
number = {2},
pages = {107--194},
}


@article{Yuri1983,
author = {Yurii Nesterov},
title = {A method of solving a convex programming problem with convergence rate $O(1/k^2)$},
journal = {Doklady AN SSSR (translated as Soviet Mathematics Doklady)},
year = {1983},
volume = {269},
pages = {543--547},
}

@article{Nesterov2010Efficiency,
  title={Efficiency of Coordinate Descent Methods on Huge-Scale Optimization Problems},
  author={Nesterov, Yu.},
  journal={SIAM Journal on Optimization},
  volume={22},
  number={2010002},
  pages={341-362},
  year={2010},
}

@inproceedings{Zhu:2017vj,
author = {Zhu, Zeyuan Allen and Orecchia, Lorenzo},
title = {{Linear Coupling - An Ultimate Unification of Gradient and Mirror Descent.}},
booktitle = {Proceedings of Innovations in Theoretical Computer Science (ITCS)},
year = {2017},
}

@article{Bubeck:2015ts,
author = {Bubeck, S{\'e}bastien and Lee, Yin Tat and Singh, Mohit},
title = {{A geometric alternative to Nesterov's accelerated gradient descent}},
journal = {arXiv.org},
year = {2015},
}

@inproceedings{Chen2017GeometricDM,
  title={Geometric Descent Method for Convex Composite Minimization},
  author={Shixiang Chen and Shiqian Ma and Wei Liu},
  booktitle={Proceedings of Neural Information Processing Systems (NIPS)},
  year={2017},
}


@article{Wang:2016hs,
author = {Wang, Mengdi and Fang, Ethan X and Liu, Han},
title = {{Stochastic compositional gradient descent: algorithms for minimizing compositions of expected-value functions}},
journal = {Mathematical Programming},
year = {2016},
volume = {161},
number = {1-2},
pages = {419--449},
}

@article{Lin:2018tt,
author = {Lin, Tianyi and Fan, Chenyou and Wang, Mengdi},
title = {{Improved Oracle Complexity of Variance Reduced Methods for Nonsmooth Convex Stochastic Composition Optimization}},
journal = {arXiv.org},
year = {2018},
}



@inproceedings{IEEE2013Accelerating,
 author = {Johnson, Rie and Zhang, Tong},
 title = {Accelerating Stochastic Gradient Descent Using Predictive Variance Reduction},
 booktitle = {Proceedings of International Conference on Neural Information Processing Systems (NIPS)},
 series = {NIPS'13},
 year = {2013},
 pages = {315--323},
} 


@inproceedings{Zinkevich:2003,
 author = {Zinkevich, Martin},
 title = {Online Convex Programming and Generalized Infinitesimal Gradient Ascent},
 booktitle = {Proceedings of International Conference on Machine Learning (ICML)},
 year = {2003},
 pages = {928--935},
} 

@article{Hazan2016Introduction,
year = {2016},
volume = {2},
journal = {Foundations and Trends in Optimization},
title = {Introduction to Online Convex Optimization},
number = {3-4},
pages = {157-325},
author = {Elad Hazan},
}


@article{Duchi:2011,
 author = {Duchi, John and Hazan, Elad and Singer, Yoram},
 title = {Adaptive Subgradient Methods for Online Learning and Stochastic Optimization},
 journal = {Journal of Machine Learning Research (JMLR)},
 volume = {12},
 year = {2011},
 pages = {2121--2159},
} 

@article{Besbes:2015gb,
author = {{Besbes, Omar} and {Gur, Yonatan} and {Zeevi, Assaf J}},
title = {{Non-Stationary Stochastic Optimization.}},
journal = {Operations Research},
year = {2015},
volume = {63},
number = {5},
pages = {1227--1244},
}

@article{Chiang2012Online,
  title={Online Optimization with Gradual Variations},
  author={Chiang, Chao Kai and Yang, Tianbao and Lee, Chia Jung and Mahdavi, Mehrdad and Lu, Chi Jen and Jin, Rong and Zhu, Shenghuo},
  journal={Journal of Machine Learning Research},
  volume={23},
  year={2012},
}


@inproceedings{Jadbabaie:2015wg,
author = {{Jadbabaie, Ali} and {Rakhlin, Alexander} and {Shahrampour, Shahin} and {Sridharan, Karthik}},
title = {{Online Optimization : Competing with Dynamic Comparators}},
booktitle = {Proceedings of International Conference on Artificial Intelligence and Statistics (AISTATS)},
year = {2015},
}

@article{Zhu:2015tr,
author = {Zhu, Changbo and Xu, Huan},
title = {{Online Gradient Descent in Function Space}},
journal = {arXiv.org},
year = {2015},
}



@inproceedings{Yu:2017vn,
author = {Yu, Hao and Neely, Michael J and Wei, Xiaohan},
title = {Online Convex Optimization with Stochastic Constraints},
booktitle = {Proceedings of International Conference on Neural Information Processing Systems (NIPS)},
year = {2017},
}


@inproceedings{Joulani:2017un,
author = {Joulani, Pooria and Gy{\"o}rgy, Andr{\'a}s and Szepesv{\'a}ri, Csaba},
title = {{A Modular Analysis of Adaptive (Non-)Convex Optimization - Optimism, Composite Objectives, and Variational Bounds.}},
booktitle = {Proceedings of International Conference on Algorithmic Learning Theory (ALT)},
year = {2017},
}


@article{Audibert2012Regret,
  title={Regret in Online Combinatorial Optimization},
  author={Audibert, Jean Yves and Bubeck, Sébastien and Lugosi, Gábor},
  journal={Mathematics of Operations Research},
  volume={39},
  number={1},
  pages={31-45},
  year={2012},
}

@inproceedings{Song:2008:RAT,
 author = {Song, Yang and Zhuang, Ziming and Li, Huajing and Zhao, Qiankun and Li, Jia and Lee, Wang-Chien and Giles, C. Lee},
 title = {Real-time Automatic Tag Recommendation},
 booktitle = {Proceedings of ACM SIGIR Conference on Research and Development in Information Retrieval},
 series = {SIGIR '08},
 year = {2008},
 pages = {515--522},
 address = {New York, NY, USA},
} 

@inproceedings{Moon:2010,
 author = {Moon, Taesup and Li, Lihong and Chu, Wei and Liao, Ciya and Zheng, Zhaohui and Chang, Yi},
 title = {Online Learning for Recency Search Ranking Using Real-time User Feedback},
 booktitle = {Proceedings of ACM International Conference on Information and Knowledge Management (CIKM)},
 series = {CIKM '10},
 year = {2010},
 pages = {1501--1504},
 publisher = {ACM},
 address = {New York, NY, USA},
} 

@article{Hao2017A,
  title={A Dynamic Weight Determination Approach Based on the Intuitionistic Fuzzy Bayesian Network and Its Application to Emergency Decision Making},
  author={Hao, Zhinan and Xu, Zeshui and Zhao, Hua and Fujita, Hamido},
  journal={IEEE Transactions on Fuzzy Systems},
  volume={PP},
  number={99},
  pages={1-1},
  year={2017},
}

@Article{Khoshrou2015,
author="Khoshrou, Samaneh and Cardoso, Jaime S. and Teixeira, Lu{\'i}s F.",
title="Learning from evolving video streams in a multi-camera scenario",
journal="Machine Learning",
year={2015},
month="Sep",
volume="100",
number="2",
pages="609--633",
}

@InProceedings{2010:raymond,
author="Raymond, Rudy and Kashima, Hisashi",
editor="Balc{\'a}zar, Jos{\'e} Luis and Bonchi, Francesco and Gionis, Aristides and Sebag, Mich{\`e}le",
title="Fast and Scalable Algorithms for Semi-supervised Link Prediction on Static and Dynamic Graphs",
booktitle="Machine Learning and Knowledge Discovery in Databases",
year={2010},
publisher="Springer Berlin Heidelberg",
address="Berlin, Heidelberg",
pages="131--147",
}



















